@online{git_progetto,
    author = {Filippo Lenzi e Guglielmo Palaferri},
    title  = "Repository del progetto su {G}ithub",
    url    = "https://github.com/filloax/sisd/"
}

@online{git_superslowmo,
    author = {Huaizu Jiang and Deqing Sun and Varun Jampani and Ming-Hsuan Yang and Erik Learned-Miller and Jan Kautz},
    title  = "Repository di {S}uper-{S}lo{M}o su {G}ithub",
    url    = "https://github.com/avinashpaliwal/Super-SloMo"
}

@article{paper_superslomo,
    author = {Huaizu Jiang and Deqing Sun and Varun Jampani and Ming-Hsuan Yang and Erik Learned-Miller and Jan Kautz},
    title = "Super SloMo: High Quality Estimation of Multiple Intermediate Frames for Video Interpolation",
    journal = "arXiv",
    year = "2017",
    url = "http://arxiv.org/abs/1712.00080v2"
}

@online{sito_pytorch_mobile,
    author = {Facebook},
    title  = "Sito di {P}y{T}orch {M}obile",
    url    = "https://pytorch.org/mobile/home/"
}

@online{doc_pytorch_mobile,
    author = {Facebook},
    title  = "Documentazione di {P}y{T}orch {M}obile",
    url    = "https://pytorch.org/javadoc/1.9.0/"
}

@online{sito_ffmpeg,
    author = {Fabrice Bellard},
    title  = "Sito di {F}{F}mpeg",
    url    = "https://ffmpeg.org/"
}

@online{git_ffmpegkit,
    author = {tanersener},
    title  = "Repository di {F}{F}mpeg{K}it su {G}ithub",
    url    = "https://github.com/tanersener/ffmpeg-kit"
}